<record><leader>00000cas a2200000 a 4500</leader><controlfield tag="001">29377570</controlfield><controlfield tag="008">931123d19732017scuwr ne      0    0eng c</controlfield><datafield ind1=" " ind2=" " tag="010"><subfield code="a">sn 93067967 </subfield></datafield><datafield ind1=" " ind2=" " tag="040"><subfield code="a">SVN</subfield><subfield code="b">eng</subfield><subfield code="c">SVN</subfield><subfield code="d">OCLCQ</subfield><subfield code="d">CUS</subfield><subfield code="d">OCLCF</subfield><subfield code="d">SUC</subfield><subfield code="d">OCL</subfield></datafield><datafield ind1=" " ind2=" " tag="042"><subfield code="a">msc</subfield></datafield><datafield ind1=" " ind2=" " tag="043"><subfield code="a">n-us-sc</subfield></datafield><datafield ind1=" " ind2="4" tag="050"><subfield code="a">AN</subfield></datafield><datafield ind1="0" ind2=" " tag="130"><subfield code="a">Weekly observer (Hemingway, S.C.)</subfield></datafield><datafield ind1="1" ind2="4" tag="245"><subfield code="a">The weekly observer.</subfield></datafield><datafield ind1=" " ind2=" " tag="260"><subfield code="a">Hemingway, S.C. :</subfield><subfield code="b">J. Charlton Cain</subfield></datafield><datafield ind1=" " ind2=" " tag="300"><subfield code="a">v.</subfield></datafield><datafield ind1=" " ind2=" " tag="310"><subfield code="a">Weekly</subfield></datafield><datafield ind1="1" ind2=" " tag="362"><subfield code="a">Began in 1973; ceased with Feb. 22, 2017.</subfield></datafield><datafield ind1=" " ind2=" " tag="588"><subfield code="a">Description based on: Vol. 11, no. 52 (Aug. 30, 1984); title from masthead.</subfield></datafield><datafield ind1=" " ind2=" " tag="588"><subfield code="a">Latest issue consulted: Feb. 22, 2017.</subfield></datafield><datafield ind1=" " ind2="0" tag="651"><subfield code="a">Hemingway (S.C.)</subfield><subfield code="v">Newspapers.</subfield></datafield><datafield ind1=" " ind2="0" tag="651"><subfield code="a">Williamsburg County (S.C.)</subfield><subfield code="v">Newspapers.</subfield></datafield><datafield ind1=" " ind2="7" tag="651"><subfield code="a">South Carolina</subfield><subfield code="z">Hemingway.</subfield><subfield code="2">fast</subfield><subfield code="0">(OCoLC)fst01246366</subfield></datafield><datafield ind1=" " ind2="7" tag="651"><subfield code="a">South Carolina</subfield><subfield code="z">Williamsburg County.</subfield><subfield code="2">fast</subfield><subfield code="0">(OCoLC)fst01209158</subfield></datafield><datafield ind1=" " ind2="7" tag="655"><subfield code="a">Newspapers.</subfield><subfield code="2">fast</subfield><subfield code="0">(OCoLC)fst01423814</subfield></datafield><datafield ind1=" " ind2=" " tag="752"><subfield code="a">United States</subfield><subfield code="b">South Carolina</subfield><subfield code="c">Williamsburg</subfield><subfield code="d">Hemingway.</subfield></datafield><datafield ind1="0" ind2="8" tag="776"><subfield code="i">Online version:</subfield><subfield code="t">Weekly observer (Hemingway, S.C. : Online)</subfield><subfield code="w">(DLC)sn 93067967</subfield><subfield code="w">(OCoLC)524517326</subfield></datafield><datafield ind1="0" ind2="7" tag="785"><subfield code="t">Lake City news and post</subfield><subfield code="w">(DLC)sn 93067820</subfield><subfield code="w">(OCoLC)28369103</subfield></datafield><datafield ind1="0" ind2="7" tag="785"><subfield code="t">News &amp; post the observer</subfield><subfield code="w">(DLC)  2017226257</subfield><subfield code="w">(OCoLC)985517045</subfield></datafield><datafield ind1="4" ind2="1" tag="856"><subfield code="3">EBSCOhost: 20/04/2009 to 30/09/2009.</subfield><subfield code="u">http://search.ebscohost.com/login.aspx?direct=true&amp;db=nfh&amp;jn=Weekly+Observer,+The+(Hemingway,+SC)&amp;site=ehost-live&amp;scope=site</subfield></datafield><datafield ind1="1" ind2=" " tag="029"><subfield code="a">AU@</subfield><subfield code="b">000025897380</subfield></datafield></record>